@techreport{api-owasp,
  title={OWASP API Security Top 10 2019},
  author={OWASP},  
  year={2019},
  publisher={OWASP},
  institution={OWASP}
}

@Misc{api-wiki,
  title  = {Programmierschnittstelle},
  author = "Wikipedia",
  note  = "\url{https://de.wikipedia.org/wiki/Programmierschnittstelle}, zuletzt abgerufen: Mai 2023",
  year = {2023}
}

@Misc{api-systempilot,
  title  = {EDI vs API vs Schnittstellen: Systemintegration in der Praxis},
  author = "Michael Schnepf",
  note  = "\url{https://systempilot.net/edi-rest-api-schnittstellen-systemintegration}, zuletzt abgerufen: Mai 2023",
  year = {2021}
}

@techreport{api-postman,
  title={2022 State of the API Report},
  author={Postman},  
  year={2022},
  publisher={Postman},
  institution={Postman}
}

@Misc{wiki-spiegel,
  title  = {Spiegelneurone},
  author = "Wikipedia",
  note  = "\url{https://de.wikipedia.org/wiki/Spiegelneuron}, zuletzt abgerufen: Mai 2023",
  year = {2023}
}

@Misc{sof-devsurvey,
  title  = {Stackoverflow Developer Survey 2022},
  author = "Stackoverflow",
  note  = "\url{https://survey.stackoverflow.co/2022}, zuletzt abgerufen: Mai 2023",
  year = {2022}
}







